<?xml version="1.0" encoding="UTF-8"?><collection xmlns="http://www.loc.gov/MARC21/slim"><record><leader>00562nam--2200193-u-4500</leader><controlfield tag="001">000054968</controlfield><controlfield tag="002">20161230</controlfield><controlfield tag="005">20161230201051</controlfield><controlfield tag="008">120717s1000------------r-----000-0-rus-d</controlfield><datafield ind1=" " ind2=" " tag="040"><subfield code="a">IFIN-HH</subfield></datafield><datafield ind1=" " ind2=" " tag="041"><subfield code="a">rus</subfield></datafield><datafield ind1=" " ind2=" " tag="080"><subfield code="a">539.193:535.338.4=03.20=82</subfield></datafield><datafield ind1="1" ind2=" " tag="100"><subfield code="a">Bunker, Philip R</subfield></datafield><datafield ind1="1" ind2="0" tag="245"><subfield code="a">Simmetria molekul i molekuliarnaia spektroskopia</subfield><subfield code="c">Philip r. bunker</subfield></datafield><datafield ind1=" " ind2=" " tag="260"><subfield code="a">Moskva</subfield><subfield code="b">Mir</subfield><subfield code="c">1981</subfield></datafield><datafield ind1=" " ind2=" " tag="300"><subfield code="a">451P</subfield></datafield><datafield ind1=" " ind2=" " tag="500"><subfield code="a">Titlul Original In Limba Enegleza: Molecular Symmetry And Spectroscopy</subfield></datafield><datafield ind1=" " ind2=" " tag="852"><subfield code="a">49899</subfield><subfield code="c">539.19</subfield></datafield><datafield ind1=" " ind2=" " tag="CAT"><subfield code="a">Sys</subfield><subfield code="c">20120717</subfield><subfield code="h">095525</subfield></datafield></record></collection>